<?xml version = "1.0" encoding = "UTF-8"?><record>
  <leader>01248nam#a2200361#c#4500</leader>
  <controlfield tag="005">20210407130434.0</controlfield>
  <controlfield tag="007">tu</controlfield>
  <controlfield tag="008">900611|1646####ne############|||#|#lat#c</controlfield>
  <controlfield tag="003">DE-605</controlfield>
  <controlfield tag="001">990013321280206441</controlfield>
  <datafield tag="016" ind1="7" ind2=" ">
    <subfield code="a">257718897</subfield>
    <subfield code="2">OCoLC</subfield>
  </datafield>
  <datafield tag="024" ind1="7" ind2=" ">
    <subfield code="a">urn:nbn:de:bvb:12-bsb10057885-8</subfield>
    <subfield code="2">urn</subfield>
  </datafield>
  <datafield tag="035" ind1=" " ind2=" ">
    <subfield code="a">(DE-605)HT003536695</subfield>
  </datafield>
  <datafield tag="040" ind1=" " ind2=" ">
    <subfield code="a">HBZ/OZK</subfield>
    <subfield code="b">ger</subfield>
    <subfield code="d">B 23</subfield>
    <subfield code="e">rakwb</subfield>
  </datafield>
  <datafield tag="041" ind1=" " ind2=" ">
    <subfield code="a">lat</subfield>
  </datafield>
  <datafield tag="044" ind1=" " ind2=" ">
    <subfield code="c">XA-NL</subfield>
  </datafield>
  <datafield tag="080" ind1=" " ind2=" ">
    <subfield code="a">(03)</subfield>
  </datafield>
  <datafield tag="080" ind1=" " ind2=" ">
    <subfield code="a">53.08</subfield>
  </datafield>
  <datafield tag="100" ind1="1" ind2=" ">
    <subfield code="a">Regius, Henricus</subfield>
    <subfield code="d">1598-1679</subfield>
    <subfield code="0">(DE-588)119026074</subfield>
    <subfield code="4">aut</subfield>
    <subfield code="0">(uri) https://portal.dnb.de/opac.htm?method=simpleSearch&amp;cqlMode=true&amp;query=idn=119026074</subfield>
    <subfield code="0">(uri) http://viaf.org/viaf/sourceID/DNB|119026074</subfield>
    <subfield code="B">GND-119026074</subfield>
  </datafield>
  <datafield tag="245" ind1="1" ind2="0">
    <subfield code="a">Henrici Regii Ultrajectini Fundamenta physices</subfield>
  </datafield>
  <datafield tag="246" ind1="3" ind2=" ">
    <subfield code="a">Fundamenta physices</subfield>
  </datafield>
  <datafield tag="264" ind1=" " ind2="1">
    <subfield code="a">Amstelodami</subfield>
    <subfield code="b">Elzevir</subfield>
    <subfield code="c">1646</subfield>
  </datafield>
  <datafield tag="300" ind1=" " ind2=" ">
    <subfield code="a">[8] Bl., 306 S., [1] gef. Bl. : Ill.</subfield>
    <subfield code="c">4&#176;</subfield>
  </datafield>
  <datafield tag="500" ind1=" " ind2=" ">
    <subfield code="a">Vorlageform des Erscheinungsvermerks: Amstelodami, Apud Ludovicum Elzevirium. Anno [M D]C XLVI.</subfield>
    <subfield code="9">F:511</subfield>
  </datafield>
  <datafield tag="751" ind1=" " ind2=" ">
    <subfield code="a">Amsterdam</subfield>
    <subfield code="0">(DE-588)4001783-7</subfield>
    <subfield code="4">pup</subfield>
    <subfield code="0">(uri) https://portal.dnb.de/opac.htm?method=simpleSearch&amp;cqlMode=true&amp;query=idn=040017834</subfield>
    <subfield code="0">(uri) http://viaf.org/viaf/sourceID/DNB|040017834</subfield>
    <subfield code="B">GND-040017834</subfield>
  </datafield>
  <datafield tag="856" ind1="4" ind2="1">
    <subfield code="u">http:/www.mdz-nbn-resolving.de/urn/resolver.pl?urn=urn:nbn:de:bvb:12-bsb10057885-8</subfield>
    <subfield code="x">Digitalisierung</subfield>
    <subfield code="x">Resolving-System</subfield>
    <subfield code="z">kostenfrei</subfield>
    <subfield code="3">Volltext</subfield>
  </datafield>
  <datafield tag="960" ind1="1" ind2=" ">
    <subfield code="r">5: Link External Server</subfield>
  </datafield>
  <datafield tag="962" ind1=" " ind2=" ">
    <subfield code="e">ldd</subfield>
  </datafield>
  <datafield tag="964" ind1="0" ind2="s">
    <subfield code="F">030</subfield>
    <subfield code="A">a|1uc||||||15</subfield>
  </datafield>
  <datafield tag="964" ind1="0" ind2="s">
    <subfield code="F">050</subfield>
    <subfield code="A">a|||||||||||||</subfield>
  </datafield>
  <datafield tag="964" ind1="0" ind2="s">
    <subfield code="F">051</subfield>
    <subfield code="A">m|||||||</subfield>
  </datafield>
  <datafield tag="035" ind1=" " ind2=" ">
    <subfield code="a">(OCoLC)257718897</subfield>
    <subfield code="0">(uri) http://www.worldcat.org/oclc/257718897</subfield>
  </datafield>
  <datafield tag="035" ind1=" " ind2=" ">
    <subfield code="a">(DE-599)HBZHT003536695</subfield>
  </datafield>
  <datafield tag="MBD" ind1=" " ind2=" ">
    <subfield code="M">49HBZ_NETWORK</subfield>
    <subfield code="i">990013321280206441</subfield>
    <subfield code="n">HBZ Network</subfield>
  </datafield>
  <datafield tag="MNG" ind1=" " ind2=" ">
    <subfield code="c">System</subfield>
    <subfield code="f">ILS</subfield>
    <subfield code="i">marc21</subfield>
    <subfield code="k">01</subfield>
    <subfield code="e">false</subfield>
    <subfield code="d">2021-08-12 04:03:41 Europe/Berlin</subfield>
    <subfield code="g">001332128-HBZ01</subfield>
    <subfield code="j">60</subfield>
    <subfield code="a">import</subfield>
    <subfield code="b">2021-04-05 16:14:29 Europe/Berlin</subfield>
  </datafield>
  <datafield tag="GKT" ind1="2" ind2=" ">
    <subfield code="a">Amsterdam</subfield>
    <subfield code="b">Vroedschap</subfield>
    <subfield code="4">spio</subfield>
    <subfield code="4">https://d-nb.info/standards/elementset/gnd#variantName</subfield>
    <subfield code="w">r</subfield>
    <subfield code="i">Spitzenorgan</subfield>
    <subfield code="e">Spitzenorgan</subfield>
    <subfield code="A">GND</subfield>
    <subfield code="B">GND-040017834</subfield>
    <subfield code="C">410</subfield>
  </datafield>
  <datafield tag="GKT" ind1="2" ind2=" ">
    <subfield code="a">Vroedschap</subfield>
    <subfield code="g">Amsterdam</subfield>
    <subfield code="4">spio</subfield>
    <subfield code="4">https://d-nb.info/standards/elementset/gnd#variantName</subfield>
    <subfield code="w">r</subfield>
    <subfield code="i">Spitzenorgan</subfield>
    <subfield code="e">Spitzenorgan</subfield>
    <subfield code="A">GND</subfield>
    <subfield code="B">GND-040017834</subfield>
    <subfield code="C">410</subfield>
  </datafield>
  <datafield tag="GKT" ind1="2" ind2=" ">
    <subfield code="a">Amsterdam</subfield>
    <subfield code="b">Bureau voor Pers, Propaganda en Vreemdelingenverkeer</subfield>
    <subfield code="4">spio</subfield>
    <subfield code="4">https://d-nb.info/standards/elementset/gnd#variantName</subfield>
    <subfield code="w">r</subfield>
    <subfield code="i">Spitzenorgan</subfield>
    <subfield code="e">Spitzenorgan</subfield>
    <subfield code="A">GND</subfield>
    <subfield code="B">GND-040017834</subfield>
    <subfield code="C">410</subfield>
  </datafield>
  <datafield tag="GKT" ind1="2" ind2=" ">
    <subfield code="a">Bureau voor Pers, Propaganda en Vreemdelingenverkeer</subfield>
    <subfield code="g">Amsterdam</subfield>
    <subfield code="4">spio</subfield>
    <subfield code="4">https://d-nb.info/standards/elementset/gnd#variantName</subfield>
    <subfield code="w">r</subfield>
    <subfield code="i">Spitzenorgan</subfield>
    <subfield code="e">Spitzenorgan</subfield>
    <subfield code="A">GND</subfield>
    <subfield code="B">GND-040017834</subfield>
    <subfield code="C">410</subfield>
  </datafield>
  <datafield tag="GKT" ind1="2" ind2=" ">
    <subfield code="a">Amsterdam</subfield>
    <subfield code="b">Public Relation Office</subfield>
    <subfield code="4">spio</subfield>
    <subfield code="4">https://d-nb.info/standards/elementset/gnd#variantName</subfield>
    <subfield code="w">r</subfield>
    <subfield code="i">Spitzenorgan</subfield>
    <subfield code="e">Spitzenorgan</subfield>
    <subfield code="A">GND</subfield>
    <subfield code="B">GND-040017834</subfield>
    <subfield code="C">410</subfield>
  </datafield>
  <datafield tag="GKT" ind1="2" ind2=" ">
    <subfield code="a">Public Relation Office</subfield>
    <subfield code="g">Amsterdam</subfield>
    <subfield code="4">spio</subfield>
    <subfield code="4">https://d-nb.info/standards/elementset/gnd#variantName</subfield>
    <subfield code="w">r</subfield>
    <subfield code="i">Spitzenorgan</subfield>
    <subfield code="e">Spitzenorgan</subfield>
    <subfield code="A">GND</subfield>
    <subfield code="B">GND-040017834</subfield>
    <subfield code="C">410</subfield>
  </datafield>
  <datafield tag="GKT" ind1="2" ind2=" ">
    <subfield code="a">Amsterdam</subfield>
    <subfield code="b">Municipality</subfield>
    <subfield code="4">spio</subfield>
    <subfield code="4">https://d-nb.info/standards/elementset/gnd#variantName</subfield>
    <subfield code="w">r</subfield>
    <subfield code="i">Spitzenorgan</subfield>
    <subfield code="e">Spitzenorgan</subfield>
    <subfield code="A">GND</subfield>
    <subfield code="B">GND-040017834</subfield>
    <subfield code="C">410</subfield>
  </datafield>
  <datafield tag="GKT" ind1="2" ind2=" ">
    <subfield code="a">Amsterdam</subfield>
    <subfield code="b">Presseamt</subfield>
    <subfield code="4">spio</subfield>
    <subfield code="4">https://d-nb.info/standards/elementset/gnd#variantName</subfield>
    <subfield code="w">r</subfield>
    <subfield code="i">Spitzenorgan</subfield>
    <subfield code="e">Spitzenorgan</subfield>
    <subfield code="A">GND</subfield>
    <subfield code="B">GND-040017834</subfield>
    <subfield code="C">410</subfield>
  </datafield>
  <datafield tag="GKT" ind1="2" ind2=" ">
    <subfield code="a">Presseamt</subfield>
    <subfield code="g">Amsterdam</subfield>
    <subfield code="4">spio</subfield>
    <subfield code="4">https://d-nb.info/standards/elementset/gnd#variantName</subfield>
    <subfield code="w">r</subfield>
    <subfield code="i">Spitzenorgan</subfield>
    <subfield code="e">Spitzenorgan</subfield>
    <subfield code="A">GND</subfield>
    <subfield code="B">GND-040017834</subfield>
    <subfield code="C">410</subfield>
  </datafield>
  <datafield tag="GKT" ind1="2" ind2=" ">
    <subfield code="a">St&#228;dtisches Presseamt</subfield>
    <subfield code="g">Amsterdam</subfield>
    <subfield code="4">spio</subfield>
    <subfield code="4">https://d-nb.info/standards/elementset/gnd#variantName</subfield>
    <subfield code="w">r</subfield>
    <subfield code="i">Spitzenorgan</subfield>
    <subfield code="e">Spitzenorgan</subfield>
    <subfield code="A">GND</subfield>
    <subfield code="B">GND-040017834</subfield>
    <subfield code="C">410</subfield>
  </datafield>
  <datafield tag="GKT" ind1="2" ind2=" ">
    <subfield code="a">Gemeente Amsterdam</subfield>
    <subfield code="A">GND</subfield>
    <subfield code="B">GND-040017834</subfield>
    <subfield code="C">410</subfield>
  </datafield>
  <datafield tag="GSI" ind1="7" ind2=" ">
    <subfield code="a">4001783-7</subfield>
    <subfield code="0">http://d-nb.info/gnd/4001783-7</subfield>
    <subfield code="2">gnd</subfield>
    <subfield code="A">GND</subfield>
    <subfield code="B">GND-040017834</subfield>
    <subfield code="C">024</subfield>
  </datafield>
  <datafield tag="GSI" ind1="7" ind2=" ">
    <subfield code="a">2759794</subfield>
    <subfield code="2">geonames</subfield>
    <subfield code="A">GND</subfield>
    <subfield code="B">GND-040017834</subfield>
    <subfield code="C">024</subfield>
  </datafield>
  <datafield tag="GGN" ind1=" " ind2=" ">
    <subfield code="a">Amstelredam</subfield>
    <subfield code="A">GND</subfield>
    <subfield code="B">GND-040017834</subfield>
    <subfield code="C">451</subfield>
  </datafield>
  <datafield tag="GGN" ind1=" " ind2=" ">
    <subfield code="a">Amsteldam</subfield>
    <subfield code="A">GND</subfield>
    <subfield code="B">GND-040017834</subfield>
    <subfield code="C">451</subfield>
  </datafield>
  <datafield tag="GGN" ind1=" " ind2=" ">
    <subfield code="a">Amstelodamum</subfield>
    <subfield code="A">GND</subfield>
    <subfield code="B">GND-040017834</subfield>
    <subfield code="C">451</subfield>
  </datafield>
  <datafield tag="GGN" ind1=" " ind2=" ">
    <subfield code="a">Amstelaedamum</subfield>
    <subfield code="A">GND</subfield>
    <subfield code="B">GND-040017834</subfield>
    <subfield code="C">451</subfield>
  </datafield>
  <datafield tag="GGN" ind1=" " ind2=" ">
    <subfield code="a">Gemeente Amsterdam</subfield>
    <subfield code="A">GND</subfield>
    <subfield code="B">GND-040017834</subfield>
    <subfield code="C">451</subfield>
  </datafield>
  <datafield tag="GGN" ind1=" " ind2=" ">
    <subfield code="a">Amstelredamum</subfield>
    <subfield code="A">GND</subfield>
    <subfield code="B">GND-040017834</subfield>
    <subfield code="C">451</subfield>
  </datafield>
  <datafield tag="GGN" ind1=" " ind2=" ">
    <subfield code="a">Amsterodamum</subfield>
    <subfield code="A">GND</subfield>
    <subfield code="B">GND-040017834</subfield>
    <subfield code="C">451</subfield>
  </datafield>
  <datafield tag="GGN" ind1=" " ind2=" ">
    <subfield code="a">Amisterdam</subfield>
    <subfield code="A">GND</subfield>
    <subfield code="B">GND-040017834</subfield>
    <subfield code="C">451</subfield>
  </datafield>
  <datafield tag="GGN" ind1=" " ind2=" ">
    <subfield code="a">Ambsterdam</subfield>
    <subfield code="A">GND</subfield>
    <subfield code="B">GND-040017834</subfield>
    <subfield code="C">451</subfield>
  </datafield>
  <datafield tag="GPN" ind1="1" ind2=" ">
    <subfield code="a">De Roy, Hendrik</subfield>
    <subfield code="d">1598-1679</subfield>
    <subfield code="9">v:4ELRAKm</subfield>
    <subfield code="A">GND</subfield>
    <subfield code="B">GND-119026074</subfield>
    <subfield code="C">400</subfield>
  </datafield>
  <datafield tag="GPN" ind1="1" ind2=" ">
    <subfield code="a">De Roy, Henricus</subfield>
    <subfield code="d">1598-1679</subfield>
    <subfield code="9">v:4ELRAKm</subfield>
    <subfield code="A">GND</subfield>
    <subfield code="B">GND-119026074</subfield>
    <subfield code="C">400</subfield>
  </datafield>
  <datafield tag="GPN" ind1="1" ind2=" ">
    <subfield code="a">Du Roy, Henricus</subfield>
    <subfield code="d">1598-1679</subfield>
    <subfield code="9">v:4ELRAKm</subfield>
    <subfield code="A">GND</subfield>
    <subfield code="B">GND-119026074</subfield>
    <subfield code="C">400</subfield>
  </datafield>
  <datafield tag="GPN" ind1="1" ind2=" ">
    <subfield code="a">Duroy, Henry</subfield>
    <subfield code="d">1598-1679</subfield>
    <subfield code="A">GND</subfield>
    <subfield code="B">GND-119026074</subfield>
    <subfield code="C">400</subfield>
  </datafield>
  <datafield tag="GPN" ind1="1" ind2=" ">
    <subfield code="a">Le Roy, Henri</subfield>
    <subfield code="d">1598-1679</subfield>
    <subfield code="9">v:4ELRAKm</subfield>
    <subfield code="A">GND</subfield>
    <subfield code="B">GND-119026074</subfield>
    <subfield code="C">400</subfield>
  </datafield>
  <datafield tag="GPN" ind1="1" ind2=" ">
    <subfield code="a">DeRoy, Hendrik</subfield>
    <subfield code="d">1598-1679</subfield>
    <subfield code="9">v:RAK alt</subfield>
    <subfield code="A">GND</subfield>
    <subfield code="B">GND-119026074</subfield>
    <subfield code="C">400</subfield>
  </datafield>
  <datafield tag="GPN" ind1="1" ind2=" ">
    <subfield code="a">DeRoy, Henricus</subfield>
    <subfield code="d">1598-1679</subfield>
    <subfield code="9">v:RAK alt</subfield>
    <subfield code="A">GND</subfield>
    <subfield code="B">GND-119026074</subfield>
    <subfield code="C">400</subfield>
  </datafield>
  <datafield tag="GPN" ind1="1" ind2=" ">
    <subfield code="a">DuRoy, Henricus</subfield>
    <subfield code="d">1598-1679</subfield>
    <subfield code="9">v:RAK alt</subfield>
    <subfield code="A">GND</subfield>
    <subfield code="B">GND-119026074</subfield>
    <subfield code="C">400</subfield>
  </datafield>
  <datafield tag="GPN" ind1="1" ind2=" ">
    <subfield code="a">LeRoy, Henri</subfield>
    <subfield code="d">1598-1679</subfield>
    <subfield code="9">v:RAK alt</subfield>
    <subfield code="A">GND</subfield>
    <subfield code="B">GND-119026074</subfield>
    <subfield code="C">400</subfield>
  </datafield>
  <datafield tag="GPN" ind1="1" ind2=" ">
    <subfield code="a">Roy, Hendrik &lt;&lt;van&gt;&gt;</subfield>
    <subfield code="d">1598-1679</subfield>
    <subfield code="A">GND</subfield>
    <subfield code="B">GND-119026074</subfield>
    <subfield code="C">400</subfield>
  </datafield>
  <datafield tag="GPN" ind1="1" ind2=" ">
    <subfield code="a">Roy, Henricus &lt;&lt;van&gt;&gt;</subfield>
    <subfield code="d">1598-1679</subfield>
    <subfield code="A">GND</subfield>
    <subfield code="B">GND-119026074</subfield>
    <subfield code="C">400</subfield>
  </datafield>
  <datafield tag="GPN" ind1="1" ind2=" ">
    <subfield code="a">Rol, Hendrik &lt;&lt;de&gt;&gt;</subfield>
    <subfield code="d">1598-1679</subfield>
    <subfield code="A">GND</subfield>
    <subfield code="B">GND-119026074</subfield>
    <subfield code="C">400</subfield>
  </datafield>
  <datafield tag="GPN" ind1="1" ind2=" ">
    <subfield code="a">Roy, Hendrik &lt;&lt;de&gt;&gt;</subfield>
    <subfield code="d">1598-1679</subfield>
    <subfield code="A">GND</subfield>
    <subfield code="B">GND-119026074</subfield>
    <subfield code="C">400</subfield>
  </datafield>
  <datafield tag="GPN" ind1="1" ind2=" ">
    <subfield code="a">Desroy, Henry</subfield>
    <subfield code="d">1598-1679</subfield>
    <subfield code="A">GND</subfield>
    <subfield code="B">GND-119026074</subfield>
    <subfield code="C">400</subfield>
  </datafield>
  <datafield tag="GPN" ind1="1" ind2=" ">
    <subfield code="a">Regius, Henrikus</subfield>
    <subfield code="d">1598-1679</subfield>
    <subfield code="A">GND</subfield>
    <subfield code="B">GND-119026074</subfield>
    <subfield code="C">400</subfield>
  </datafield>
  <datafield tag="GPN" ind1="1" ind2=" ">
    <subfield code="a">Duroy, Henri</subfield>
    <subfield code="d">1598-1679</subfield>
    <subfield code="A">GND</subfield>
    <subfield code="B">GND-119026074</subfield>
    <subfield code="C">400</subfield>
  </datafield>
  <datafield tag="GPN" ind1="1" ind2=" ">
    <subfield code="a">Roy, Henricus &lt;&lt;de&gt;&gt;</subfield>
    <subfield code="d">1598-1679</subfield>
    <subfield code="A">GND</subfield>
    <subfield code="B">GND-119026074</subfield>
    <subfield code="C">400</subfield>
  </datafield>
  <datafield tag="GPN" ind1="1" ind2=" ">
    <subfield code="a">Roy, Henricus &lt;&lt;du&gt;&gt;</subfield>
    <subfield code="d">1598-1679</subfield>
    <subfield code="A">GND</subfield>
    <subfield code="B">GND-119026074</subfield>
    <subfield code="C">400</subfield>
  </datafield>
  <datafield tag="GPN" ind1="1" ind2=" ">
    <subfield code="a">Roy, Henri &lt;&lt;le&gt;&gt;</subfield>
    <subfield code="d">1598-1679</subfield>
    <subfield code="A">GND</subfield>
    <subfield code="B">GND-119026074</subfield>
    <subfield code="C">400</subfield>
  </datafield>
  <datafield tag="GSI" ind1="7" ind2=" ">
    <subfield code="a">119026074</subfield>
    <subfield code="0">http://d-nb.info/gnd/119026074</subfield>
    <subfield code="2">gnd</subfield>
    <subfield code="A">GND</subfield>
    <subfield code="B">GND-119026074</subfield>
    <subfield code="C">024</subfield>
  </datafield>
</record>